@Misc{TheBotBubble,
author = {Doug Bock Clark},
title = {The Bot Bubble},
journal = {The New Republic},
howpublished = "\url{https://newrepublic.com/article/121551/bot-bubble-click-farms-have-inflated-social-media-currency}",
month = {April},
year = {2015},
}


@ARTICLE{2017arXiv170102405E,
   author = "Echeverr and Zhou",
    title = "The Star Wars botnet with 350k Twitter bots",
  journal = "ArXiv e-prints",
archivePrefix = "arXiv",
   eprint = "1701.02405",
 keywords = "Computer Science - Social and Information Networks",
     year = "2017",
    month = "Jan",
}